@incollection{Aumassip.1975,
  title = {{La poterie de Batalimo}},
  booktitle = {{Recherches pr\'ehistoriques en R\'epublique Centrafricaine}},
  author = {Aumassip, Ginette},
  year = {1975},
  pages = {221--234},
  publisher = {{Klincksieck}},
  address = {{Paris}},
  langid = {french},
  keywords = {Batalimo-Maluba-Gruppe,Keramik},
  file = {C\:\\Users\\dirks\\OneDrive\\Literatur\\Aumassip_1975_La poterie de Batalimo\\Aumassip - 1975 - La poterie de Batalimo.pdf}
}

@article{Bostoen.2015,
  title = {Middle to {{Late Holocene Paleoclimatic Change}} and the {{Early Bantu Expansion}} in the {{Rain Forests}} of {{Western Central Africa}}},
  author = {Bostoen, Koen and Clist, Bernard and Doumenge, Charles and Grollemund, Rebecca and Hombert, Jean-Marie and Muluwa, Joseph Koni and Maley, Jean},
  year = {2015},
  journal = {Current Anthropology},
  volume = {56},
  number = {3},
  pages = {354--384},
  doi = {10.1086/681436},
  langid = {english},
  keywords = {Afrika/Zentral-,Bantu,Klimaentwicklung,Lesen,Linguistik,Regenwald,Wichtig},
  annotation = {DOI 10.1086/681436},
  file = {C\:\\Users\\dirks\\OneDrive\\Literatur\\Bostoen et al_2015_Middle to Late Holocene Paleoclimatic Change and the Early Bantu Expansion in\\Bostoen et al. - 2015 - Middle to Late Holocene Paleoclimatic Change and t.pdf}
}

@article{Bostoen.2018,
  title = {The {{Bantu Expansion}}},
  author = {Bostoen, Koen},
  year = {2018},
  month = apr,
  journal = {Oxford Research Encyclopedia of African History},
  doi = {10.1093/acrefore/9780190277734.013.191},
  langid = {english},
  file = {C\:\\Users\\dirks\\OneDrive\\Literatur\\Bostoen_2018_The Bantu Expansion\\Bostoen - 2018 - The Bantu Expansion.pdf}
}

@incollection{Bostoen.2020,
  title = {The {{Bantu Expansion}}: {{Some}} Facts and Fiction},
  shorttitle = {Language Dispersal, Diversification, and Contact},
  booktitle = {Language Dispersal, Diversification, and Contact: A Global Perspective},
  author = {Bostoen, Koen},
  editor = {Crevels, Emily Irene and Muysken, Pieter},
  year = {2020},
  month = jul,
  pages = {227--239},
  publisher = {{Oxford University Press}},
  doi = {10.1093/oso/9780198723813.003.0013},
  abstract = {This book addresses the complex question of how and why languages have spread across the globe: why do we find large language families distributed over a wide area in some regions, while elsewhere we find clusters of very small families or language isolates? What roles have agriculture, geography, climate, ethnic identity, and language ideologies played in language spread? In this volume, international experts in the field provide new answers to these and related questions, drawing on the increasingly large databases available and on novel analytical research techniques.0The first part of the volume outlines some general issues and approaches in the study of language dispersal, diversification, and contact. In the rest of the volume, chapters compare the language and population histories of three major regions - Island Southeast Asia/Oceania, Africa, and South America - which show particularly interesting contrasts in the distribution of languages and language families. The volume is interdisciplinary in approach, with insights from archaeology, genetics, anthropology, and geography, and will be of interest to a wide range of scholars interested in language diversity and contact.},
  isbn = {978-0-19-872381-3},
  langid = {english},
  keywords = {Bantu,Lesen},
  annotation = {OCLC: 1224487840},
  file = {C\:\\Users\\dirks\\OneDrive\\Literatur\\Bostoen_2020_The Bantu Expansion\\Bostoen - 2020 - The Bantu Expansion Some facts and fiction.pdf}
}

@incollection{Bostoen.2022,
  title = {The Impact of Autochthonous Languages on Bantu Language Variation: {{A}} Comparative View on Southern and Central Africa},
  booktitle = {The Cambridge Handbook of Language Contact: {{Volume}} 1: {{Population}} Movement and Language Change},
  author = {Bostoen, Koen and Gunnink, Hilde},
  editor = {Mufwene, Salikoto and Escobar, Anna Maria},
  year = {2022},
  series = {Cambridge Handbooks in Language and Linguistics},
  pages = {152--186},
  publisher = {{Cambridge University Press}},
  langid = {english},
  keywords = {Afrika/südliches,Afrika/Zentral-,Bantu,Interaktion,Jäger/Sammler,Linguistik},
  file = {C\:\\Users\\dirks\\OneDrive\\Literatur\\Bostoen_Gunnink_2022_The impact of autochthonous languages on bantu language variation\\Bostoen und Gunnink - 2022 - The impact of autochthonous languages on bantu lan.pdf}
}

@article{Bremond.2017,
  title = {Past Tree Cover of the {{Congo Basin}} Recovered by Phytoliths and d 13 {{C}} along Soil Profiles},
  author = {Bremond, Laurent and Bodin, S. C. and Bentaleb, Ilham and Favier, C. and Canal, S.},
  year = {2017},
  journal = {Quaternary International},
  volume = {434},
  pages = {91--101},
  issn = {1040-6182},
  doi = {10.1016/j.quaint.2015.11.150},
  langid = {english},
  keywords = {Botanik,Kongobecken,Paläoklima/-ökologie},
  file = {C\:\\Users\\dirks\\OneDrive\\Literatur\\Bremond et al_2017_Past tree cover of the Congo Basin recovered by phytoliths and d 13 C along\\Bremond et al. - 2017 - Past tree cover of the Congo Basin recovered by ph.pdf}
}

@book{Clist.20042005,
  title = {{Des premi\`ers villages aux premiers Europ\'eens autour de l'Estuaire du Gabon. Quatre mill\'enaires d'interactions entre l'homme et son milieu. Unpubl. Ph.D. Dissertation. Universit\'e Libre de Bruxelles, Academic Year 2004-2005}},
  author = {Clist, Bernard},
  year = {2004},
  publisher = {{Universite Libre de Bruxelles/Freie Universit\"at Br\"ussel}},
  address = {{Br\"ussel}},
  langid = {french},
  keywords = {Besiedlungsgeschichte,Eisenzeit,Gabun,Neolithikum,Okala-Gruppe},
  annotation = {Des premi\`ers villages aux premiers Europ\'eens autour de l'Estuaire du Gabon. Quatre mill\'enaires d'interactions entre l'homme et son milieu. Unpublizierte Ph.D. Dissertation. Universit\'e Libre de Bruxelles, Akademisches Jahr 2004--2005},
  file = {C\:\\Users\\dirks\\OneDrive\\Literatur\\Clist_2004_Des premièrs villages aux premiers Européens autour de l'Estuaire du Gabon\\Clist - 2004 - Des premièrs villages aux premiers Européens autou.pdf;C\:\\Users\\dirks\\OneDrive\\Literatur\\Clist_2004_Des premièrs villages aux premiers Européens autour de l'Estuaire du Gabon\\Clist - 2004 - Des premièrs villages aux premiers Européens autou.rtf}
}

@article{Cornelissen.2013,
  title = {{Prospections sur la Lindi (Province Orientale, R\'epublique d\'emocratique du~Congo)}},
  author = {Cornelissen, Els and Ebosso Lihunzu, Octave and Mambu Nsangathi, Cl{\'e}ment},
  year = {2013},
  journal = {Nyame Akuma},
  volume = {79},
  pages = {74--82},
  langid = {french},
  keywords = {Kongo/Kinshasa},
  file = {C\:\\Users\\dirks\\OneDrive\\Literatur\\Cornelissen et al_2013_Prospections sur la Lindi (Province Orientale, République démocratique du Congo)\\Cornelissen et al. - 2013 - Prospections sur la Lindi (Province Orientale, Rép.pdf}
}

@article{Crema.2020a,
  title = {A Multi-Proxy Inference of {{J\=omon}} Population Dynamics Using Bayesian Phase Models, Residential Data, and Summed Probability Distribution of {{14C}} Dates},
  author = {Crema, Enrico R. and Kobayashi, Ken'ichi},
  year = {2020},
  month = may,
  journal = {Journal of Archaeological Science},
  volume = {117},
  pages = {105136},
  issn = {03054403},
  doi = {10.1016/j.jas.2020.105136},
  abstract = {We introduce a new workflow for analysing archaeological frequency data associated with relative rather than absolute chronological time-stamps. Our approach takes into account multiple sources of uncertainty by combining Bayesian chronological models and Monte-Carlo simulation to sample possible calendar dates for each archaeological entity. We argue that when applied to settlement data, this combination of methods can bring new life to demographic proxies that are currently under-used due to their lack of chronological accuracy and pre\- cision, and provide grounds for further exploring the limits and the potential of the so-called ``dates as data'' approach based on the temporal frequency of radiocarbon dates. Here we employ this new workflow by reexamining a legacy dataset that has been used to describe a major population rise-and-fall that occurred in central Japan during the Jo\dbend mon period (16,000\textendash 2,800 cal BP), focusing on the temporal window between 8,000 and 3,000 cal BP. To achieve this goal we: 1) construct the first Bayesian model of forty-two Jo\dbend mon ceramic typology based cultural phases using a sample of 2,120 radiocarbon dates; 2) apply the proposed workflow on a dataset of 9,612 Jo\dbend mon pit-dwellings; and 3) compare the output to a Summed Probability Distribution (SPD) of 1,550 radiocarbon dates from the same region. Our results provide new estimates on the timing of major de\- mographic fluctuations during the Jo\dbend mon period and reveal a generally good correlation between the two proxies, although with some notable discrepancies potentially related to changes in settlement pattern.},
  langid = {english},
  keywords = {Asien/Ost-,Lesen,OxCal,rcarbon(),Wichtig},
  file = {C\:\\Users\\dirks\\OneDrive\\Literatur\\Crema_Kobayashi_2020_A multi-proxy inference of Jōmon population dynamics using bayesian phase\\Crema und Kobayashi - 2020 - A multi-proxy inference of Jōmon population dynami.pdf}
}

@misc{Crema.2021a,
  title = {{{nimbleCarbon}}: {{Bayesian Analyses}} of {{Radiocarbon Dates}} with {{NIMBLE}}},
  author = {Crema, Enrico R. and Di Napoli, Robert},
  year = {2021},
  month = may,
  keywords = {14C,rcarbon(),ToDo,Wichtig},
  file = {C\:\\Users\\dirks\\OneDrive\\Literatur\\Crema_Di Napoli_2021_nimbleCarbon\\Crema und Di Napoli - 2021 - nimbleCarbon Bayesian Analyses of Radiocarbon Dat.pdf}
}

@article{Crema.2021b,
  title = {A {{Bayesian}} Approach for Fitting and Comparing Demographic Growth Models of Radiocarbon Dates: {{A}} Case Study on the {{Jomon-Yayoi}} Transition in {{Kyushu}} ({{Japan}})},
  shorttitle = {A {{Bayesian}} Approach for Fitting and Comparing Demographic Growth Models of Radiocarbon Dates},
  author = {Crema, Enrico R. and Shoda, Shinya},
  editor = {Freeman, Jacob},
  year = {2021},
  month = may,
  journal = {PLOS ONE},
  volume = {16},
  number = {5},
  pages = {e0251695},
  issn = {1932-6203},
  doi = {10.1371/journal.pone.0251695},
  abstract = {Large sets of radiocarbon dates are increasingly used as proxies for inferring past population dynamics and the last few years, in particular, saw an increase in the development of new statistical techniques to overcome some of the key challenges imposed by this kind of data. These include: 1) null hypothesis significance testing approaches based on Monte-Carlo simulations or mark permutations; 2) non-parametric Bayesian modelling approaches, and 3) the use of more traditional techniques such as correlation, regression, and AIC-based model comparison directly on the summed probability distribution of radiocarbon dates (SPD). While the range of opportunities offered by these solutions is unquestionably appealing, they often do not consider the uncertainty and the biases arising from calibration effects or sampling error. Here we introduce a novel Bayesian approach and               nimbleCarbon               , an R package that offers model fitting and comparison for population growth models based on the temporal frequency data of radiocarbon dates. We evaluate the robustness of the proposed approach on a range of simulated scenarios and illustrate its application on a case study focused on the demographic impact of the introduction of wet-rice farming in prehistoric Japan during the 1st millennium BCE.},
  langid = {english},
  keywords = {14C,Lesen,ToDo,Wichtig},
  file = {C\:\\Users\\dirks\\OneDrive\\Literatur\\Crema_Shoda_2021_A Bayesian approach for\\Crema und Shoda - 2021 - A Bayesian approach for fitting and comparing demo.pdf}
}

@article{Currie.2013,
  title = {Cultural Phylogeography of the {{Bantu Languages}} of Sub-{{Saharan Africa}}},
  author = {Currie, Thomas E. and Meade, Andrew and Guillon, Myrtille and Mace, Ruth},
  year = {2013},
  month = jul,
  journal = {Proceedings of the Royal Society B: Biological Sciences},
  volume = {280},
  number = {1762},
  pages = {20130695},
  issn = {0962-8452, 1471-2954},
  doi = {10.1098/rspb.2013.0695},
  langid = {english},
  keywords = {Bantu,Linguistik,Phylogenetik},
  file = {C\:\\Users\\dirks\\OneDrive\\Literatur\\Currie et al_2013_Cultural phylogeography of the Bantu Languages of sub-Saharan Africa\\Currie et al. - 2013 - Cultural phylogeography of the Bantu Languages of .pdf}
}

@book{deBayledesHermens.1975,
  title = {{Recherches pr\'ehistoriques en R\'epublique Centrafricaine}},
  author = {{de Bayle des Hermens}, Roger},
  year = {1975},
  publisher = {{Klincksieck}},
  address = {{Paris}},
  langid = {french},
  keywords = {Batalimo-Maluba-Gruppe,Zentralafrikanische Republik},
  file = {C\:\\Users\\dirks\\OneDrive\\Literatur\\de Bayle des Hermens_1975_Recherches préhistoriques en République Centrafricaine\\de Bayle des Hermens - 1975 - Recherches préhistoriques en République Centrafric.pdf}
}

@article{deMaret.1986,
  title = {The {{Ngovo Group}}: {{An}} Industry with Polished Stone Tools and Pottery in {{Lower Za\"ire}}},
  author = {{de Maret}, Pierre},
  year = {1986},
  journal = {African Archaeological Review},
  volume = {4},
  pages = {103--133},
  issn = {0263-0338},
  langid = {english},
  keywords = {EIA/Early Iron Age/Frühe Eisenzeit,Keramik,Keramikanalyse/Auswertung,Kongo/Kinshasa,Kongo/Nieder-,Neolithikum,Ngovo-Gruppe/Group VI},
  file = {C\:\\Users\\dirks\\OneDrive\\Literatur\\de Maret_1986_The Ngovo Group\\de Maret - 1986 - The Ngovo Group An industry with polished stone t.pdf}
}

@incollection{deMaret.2003,
  title = {{Synth\`ese des donn\'ees arch\'eologiques r\'ecentes sur l'Afrique centrale foresti\`ere. Des mosa\"iques dans la quatri\`eme dimension}},
  booktitle = {{Peuplements anciens et actuels des for\^ets tropicales}},
  author = {{de Maret}, Pierre},
  editor = {Froment, Alain and Guffroy, Jean},
  year = {2003},
  series = {{Collection Colloques et s\'eminaires / Institut fran\c{c}ais de recherche scientifique pour le d\'eveloppement}},
  pages = {169--179},
  publisher = {{IRD \'Editions and IRD \'ed}},
  address = {{Paris}},
  isbn = {2-7099-1534-0},
  langid = {french},
  keywords = {Hiatus},
  file = {C\:\\Users\\dirks\\OneDrive\\Literatur\\de Maret_2003_Synthèse des données\\de Maret - 2003 - Synthèse des données archéologiques récentes sur l.pdf}
}

@article{deSaulieu.2021a,
  title = {Archaeological {{Evidence}} for {{Population Rise}} and {{Collapse}} between \textasciitilde 2500 and \textasciitilde 500 Cal. Yr {{BP}} in {{Western Central Africa}}},
  author = {{de Saulieu}, Geoffroy and Garcin, Yannick and Sebag, David and Nlend, Pascal R. Nlend and Zeitlyn, David and Deschamps, Pierre and M{\'e}not, Guillemette and Carlo, Pierpaolo Di and Oslisly, Richard},
  year = {2021},
  month = dec,
  journal = {Afrique : Archeologie et Arts},
  volume = {17},
  pages = {11--32},
  issn = {1634-3123, 2431-2045},
  doi = {10.4000/aaa.3029},
  langid = {english},
  file = {C\:\\Users\\dirks\\OneDrive\\Literatur\\Saulieu et al_2021_Archaeological Evidence\\Saulieu et al. - 2021 - Archaeological Evidence for Population Rise and Co.pdf}
}

@article{Eggert.1980c,
  title = {{Aspects d'un m\'etier traditionnel: L'industrie de poterie \`a Ikenge (R\'egion de l'Equateur, Za\"ire)}},
  author = {Eggert, Manfred K. H. and {Kanimba-Misago}},
  year = {1980},
  journal = {Baesseler-Archiv NF},
  volume = {28},
  pages = {387--430},
  langid = {french},
  keywords = {Keramikherstellung/Brand,Kongo/Kinshasa},
  file = {C\:\\Users\\dirks\\OneDrive\\Literatur\\Eggert_Kanimba-Misago_1980_Aspects d'un métier traditionel\\Eggert und Kanimba-Misago - 1980 - Aspects d'un métier traditionel L'industrie de po.pdf}
}

@article{Eggert.1983,
  title = {Remarks on {{Exploring Archaeologically Unknown Rain Forest Territory}}. {{The Case}} of {{Central Africa}}},
  author = {Eggert, Manfred K. H.},
  year = {1983},
  journal = {Beitr\"age zur Allgemeinen und Vergleichenden Arch\"aologie},
  volume = {5},
  pages = {283--322},
  langid = {english},
  file = {C\:\\Users\\dirks\\OneDrive\\Literatur\\Eggert_1983_Remarks on Exploring Archaeologically Unknown Rain Forest Territory\\Eggert - 1983 - Remarks on Exploring Archaeologically Unknown Rain.pdf}
}

@article{Eggert.1984,
  title = {{Imbonga und Lingonda: Zur fr\"uhesten Besiedlung des zentralafrikanischen~Regenwaldes}},
  author = {Eggert, Manfred K. H.},
  year = {1984},
  journal = {Beitr\"age zur Allgemeinen und Vergleichenden Arch\"aologie},
  volume = {6},
  pages = {247--288},
  langid = {ngerman},
  keywords = {Besiedlungsgeschichte,Imbonga-Gruppe,Kongo/Kinshasa,Néolithique 'léopoldien'/kinshasaien-Gruppe,Wichtig},
  file = {C\:\\Users\\dirks\\OneDrive\\Literatur\\Eggert_1984_Imbonga und Lingonda\\Eggert - 1984 - Imbonga und Lingonda Zur frühesten Besiedlung des.pdf}
}

@article{Eggert.1987c,
  title = {Imbonga and {{Batalimo}}: Ceramic Evidence for Early Settlement of the Equatorial Rain Forest},
  author = {Eggert, Manfred K. H.},
  year = {1987},
  journal = {African Archaeological Review},
  volume = {5},
  pages = {129--145},
  issn = {0263-0338},
  doi = {10.1007/BF01117088},
  langid = {english},
  keywords = {Batalimo-Maluba-Gruppe,Imbonga-Gruppe,Wichtig},
  file = {C\:\\Users\\dirks\\OneDrive\\Literatur\\Eggert_1987_Imbonga and Batalimo\\Eggert - 1987 - Imbonga and Batalimo ceramic evidence for early s.pdf}
}

@incollection{Eggert.1988,
  title = {{Arch\"aologie und Keramik-Ethnographie im \"Aquatorialen Regenwald Zaires}},
  booktitle = {{T\"opfereiforschung zwischen Arch\"aologie und Entwicklungspolitik}},
  author = {Eggert, Manfred K. H.},
  editor = {Vossen, R{\"u}diger},
  year = {1988},
  series = {{T\"opferei- und Keramikforschung}},
  pages = {25--38},
  publisher = {{Habelt}},
  address = {{Bonn}},
  isbn = {3-7749-2320-5},
  langid = {ngerman},
  keywords = {Ethnoarchäologie,Kongo/Kinshasa},
  file = {C\:\\Users\\dirks\\OneDrive\\Literatur\\Eggert_1988_Archäologie und Keramik-Ethnographie im Äquatorialen Regenwald Zaires\\Eggert - 1988 - Archäologie und Keramik-Ethnographie im Äquatorial.pdf}
}

@article{Eggert.1992,
  title = {The {{Central African Rain Forest}}: {{Historical Speculation}} and {{Archaeological Facts}}},
  author = {Eggert, Manfred K. H.},
  year = {1992},
  journal = {World Archaeology},
  volume = {24},
  pages = {1--24},
  doi = {10.1080/00438243.1992.9980190},
  langid = {english},
  keywords = {Jäger/Sammler,Kongo/Brazzaville,Pikunda-Munda-Gruppe},
  file = {C\:\\Users\\dirks\\OneDrive\\Literatur\\Eggert_1992_The Central African Rain Forest\\Eggert - 1992 - The Central African Rain Forest Historical Specul.pdf}
}

@incollection{Eggert.1993,
  title = {Central {{Africa}} and the {{Archaeology}} of the {{Equatorial Rainforest}}. {{Reflections}} on {{Some Major Topics}}},
  booktitle = {The {{Archaeology}} of {{Africa}}. {{Food}}, {{Metal}} and {{Towns}}},
  author = {Eggert, Manfred K. H.},
  editor = {Shaw, Thurstan and Sinclair, Paul and Andah, Bassey and Okpoko, Alex},
  year = {1993},
  series = {One {{World Archaeology}}},
  pages = {289--329},
  publisher = {{Routledge}},
  address = {{London and New York}},
  langid = {english},
  keywords = {Batalimo-Maluba-Gruppe,Imbonga-Gruppe,Pikunda-Munda-Gruppe},
  file = {C\:\\Users\\dirks\\OneDrive\\Literatur\\Eggert_1993_Central Africa and the Archaeology of the Equatorial Rainforest\\Eggert - 1993 - Central Africa and the Archaeology of the Equatori.pdf}
}

@article{Eggert.1996,
  title = {Pots, {{Farming}} and {{Analogy}}: {{Early Ceramics}} in the {{Equatorial Rainforest}}},
  author = {Eggert, Manfred K. H.},
  year = {1996},
  journal = {Azania: Archaeological Research in Africa},
  volume = {29/30},
  pages = {332--338},
  issn = {0067-270X},
  langid = {english},
  file = {C\:\\Users\\dirks\\OneDrive\\Literatur\\Eggert_1996_Pots, Farming and Analogy\\Eggert - 1996 - Pots, Farming and Analogy Early Ceramics in the E.pdf}
}

@article{Eggert.2016a,
  title = {Geneticizing {{Bantu}}: {{Historical Insight}} or {{Historical Trilemma}}?},
  author = {Eggert, Manfred K. H.},
  year = {2016},
  journal = {Medieval Worlds},
  volume = {4},
  pages = {79--90},
  issn = {2412-3196},
  doi = {10.1553/medievalworlds_no4_2016s79},
  langid = {english},
  keywords = {Linguistik,Wichtig},
  file = {C\:\\Users\\dirks\\OneDrive\\Literatur\\Eggert_2016_Geneticizing Bantu\\Eggert - 2016 - Geneticizing Bantu Historical Insight or Historic.pdf}
}

@incollection{Eggert.2017,
  title = {Case {{Study}}: {{Rainforst}}},
  booktitle = {Field {{Manual}} for {{African Archaeology}}},
  author = {Eggert, Manfred K. H.},
  editor = {{Livingstone-Smith}, Alexandre and Cornelissen, Els and Gosselain, Olivier P. and MacEachern, Scott},
  year = {2017},
  series = {Documents on Social Sciences and Humanities},
  pages = {60--64},
  publisher = {{Royal Museum for Central Africa}},
  address = {{Tervuren}},
  isbn = {978-94-92244-27-7},
  langid = {english},
  file = {C\:\\Users\\dirks\\OneDrive\\Literatur\\Eggert_2017_Case Study\\Eggert - 2017 - Case Study Rainforst.pdf}
}

@book{Eggert.inVorb.,
  title = {Pottery Making in {{Ikenge}} on the {{Ruki}} and Other Villages in the {{Congo Basin}}},
  author = {Eggert, Manfred K. H.},
  year = {in prep.},
  series = {Edition {{Historische Kulturwissenschaften}}},
  publisher = {{Waxmann}},
  address = {{M\"unster and New York}},
  langid = {english}
}

@book{Gillet.2013,
  title = {{Les for\^ets \`a Marantaceae au sein de la mosa\"ique foresti\`ere du Nord de la R\'epublique du Congo: Origines et modalit\'es de gestion: Docteur en sciences agronomiques et ing\'enierie biologique}},
  author = {Gillet, Jean-Fran{\c c}ois},
  year = {2013},
  publisher = {{Universit\'e de Li\`ege}},
  address = {{Li\`ege}},
  langid = {french},
  keywords = {Kongo/Brazzaville,Ökologie,Sangha-Gebiet},
  file = {C\:\\Users\\dirks\\OneDrive\\Literatur\\Gillet_2013_Les forêts à Marantaceae au sein de la mosaïque forestière du Nord de la\\Gillet - 2013 - Les forêts à Marantaceae au sein de la mosaïque fo.pdf}
}

@misc{Gombin.2017,
  title = {Concaveman: {{A Very Fast 2D Concave Hull Algorithm}}},
  author = {Gombin, Jo{\"e}l and Vaidyanathan, Ramnath and Agafonkin, Vladimir},
  year = {2017}
}

@article{Gond.2013,
  title = {Vegetation Structure and Greenness in {{Central Africa}} from {{Modis}} Multi-Temporal Data},
  author = {Gond, Val{\'e}ry and Fayolle, Adeline and Pennec, Alexandre and Cornu, Guillaume and Mayaux, Philippe and Camberlin, Pierre and Doumenge, Charles and Fauvet, Nicolas and {Gourlet-Fleury}, Sylvie},
  year = {2013},
  journal = {Philosophical Transactions of the Royal Society B: Biological Sciences},
  volume = {368},
  number = {1625},
  pages = {1--8},
  doi = {10.1098/rstb.2012.0309},
  abstract = {African forests within the Congo Basin are generally mapped at a regional scale as broad-leaved evergreen forests, with the main distinction being between terra-firme and swamp forest types. At the same time, commercial forest inventories, as well as national maps, have highlighted a strong spatial heterogeneity of forest types. A detailed vegetation map generated using consistent methods is needed to inform decision makers about spatial forest organization and their relationships with environmental drivers in the context of global change. We propose a multi-temporal remotely sensed data approach to characterize vegetation types using vegetation index annual profiles. The classifications identified 22 vegetation types (six savannas, two swamp forests, 14 forest types) improving existing vegetation maps. Among forest types, we showed strong variations in stand structure and deciduousness, identifying (i) two blocks of dense evergreen forests located in the western part of the study area and in the central part on sandy soils; (ii) semi-deciduous forests are located in the Sangha River interval which has experienced past fragmentation and human activities. For all vegetation types enhanced vegetation index profiles were highly seasonal and strongly correlated to rainfall and to a lesser extent, to light regimes. These results are of importance to predict spatial variations of carbon stocks and fluxes, because evergreen/deciduous forests (i) have contrasted annual dynamics of photosynthetic activity and foliar water content and (ii) differ in community dynamics and ecosystem processes.},
  langid = {english},
  keywords = {GIS,Kartierung,Kongo/Brazzaville,MODIS-Daten,Vegetation},
  file = {C\:\\Users\\dirks\\OneDrive\\Literatur\\Gond et al_2013_Vegetation structure and greenness in Central Africa from Modis multi-temporal\\Gond et al. - 2013 - Vegetation structure and greenness in Central Afri.pdf}
}

@article{GonzalesRuibal.2012,
  title = {An {{Ancient}} and {{Common Tradition}}: {{Funerary Rituals}} and {{Society}} in {{Equatorial Guinea}} ({{First--Twelfth Centuries AD}})},
  author = {{Gonz{\'a}lez-Ruibal}, Alfredo and {S{\'a}nchez-Elipe}, Manuel and {Otero-Vilari{\~n}o}, Carlos},
  year = {2012},
  journal = {African Archaeological Review},
  volume = {30},
  number = {2},
  pages = {115--143},
  issn = {0263-0338},
  langid = {english},
  file = {C\:\\Users\\dirks\\OneDrive\\Literatur\\González-Ruibal et al_2012_An Ancient and Common Tradition\\González-Ruibal et al. - 2012 - An Ancient and Common Tradition Funerary Rituals .pdf}
}

@article{GonzalezRuibal.2011,
  title = {Early {{Iron Age Burials}} from~{{Equatorial Guinea}}: {{The Sites}} of {{Corisco Island}}},
  author = {{Gonz{\'a}lez-Ruibal}, Alfredo and Gelabert, Lloren{\c c} Picornell and Ma{\~n}e, Alba Valenciano},
  year = {2011},
  journal = {Journal of African Archaeology},
  volume = {9},
  number = {1},
  pages = {41--66},
  langid = {english},
  file = {C\:\\Users\\dirks\\OneDrive\\Literatur\\González-Ruibal et al_2011_Early Iron Age Burials from Equatorial Guinea\\González-Ruibal et al. - 2011 - Early Iron Age Burials from Equatorial Guinea The.pdf}
}

@article{Grollemund.2015,
  title = {Bantu Expansion Shows That Habitat Alters the Route and Pace of Human Dispersals},
  author = {Grollemund, Rebecca and Branford, Simon and Bostoen, Koen and Meade, Andrew and Venditti, Chris and Pagel, Mark},
  year = {2015},
  journal = {Proceedings of the National Academy of Sciences of the United States of America},
  volume = {112},
  number = {43},
  pages = {13296--13301},
  issn = {1091-6490},
  doi = {10.1073/pnas.1503793112},
  abstract = {Unlike most other biological species, humans can use cultural innovations to occupy a range of environments, raising the intriguing question of whether human migrations move relatively independently of habitat or show preferences for familiar ones. The Bantu expansion that swept out of West Central Africa beginning {$\sim$}5,000 y ago is one of the most influential cultural events of its kind, eventually spreading over a vast geographical area a new way of life in which farming played an increasingly important role. We use a new dated phylogeny of {$\sim$}400 Bantu languages to show that migrating Bantu-speaking populations did not expand from their ancestral homeland in a random walk but, rather, followed emerging savannah corridors, with rainforest habitats repeatedly imposing temporal barriers to movement. When populations did move from savannah into rainforest, rates of migration were slowed, delaying the occupation of the rainforest by on average 300 y, compared with similar migratory movements exclusively within savannah or within rainforest by established rainforest populations. Despite unmatched abilities to produce innovations culturally, unfamiliar habitats significantly alter the route and pace of human dispersals.},
  langid = {english},
  keywords = {Bantu,Linguistik,Wichtig},
  file = {C\:\\Users\\dirks\\OneDrive\\Literatur\\Grollemund et al_2015_Bantu expansion shows that habitat alters the route and pace of human dispersals\\Grollemund et al. - 2015 - Bantu expansion shows that habitat alters the rout.pdf;C\:\\Users\\dirks\\OneDrive\\Literatur\\Grollemund et al_2015_Bantu expansion shows that habitat alters the route and pace of human dispersals\\Grollemund et al. - 2015 - Bantu expansion shows that habitat alters the rout2.pdf}
}

@article{Grollemund.2023,
  title = {Moving {{Histories}}: {{Bantu Language Expansions}}, {{Eclectic Economies}}, and {{Mobilities}}},
  shorttitle = {Moving {{Histories}}},
  author = {Grollemund, Rebecca and Schoenbrun, David and Vansina, Jan},
  year = {2023},
  month = jan,
  journal = {The Journal of African History},
  pages = {1--25},
  issn = {0021-8537, 1469-5138},
  doi = {10.1017/S0021853722000780},
  abstract = {This essay interprets a classification of Africa's Bantu languages which used statistical tools guided by assumptions about farming and its chronology to analyze fresh vocabulary evidence. It shows a peeling movement from Cameroon's grassfields, into southern Cameroon, then along a savanna corridor through West Central Africa's rainforests, into the Savannahs, then to Southern Africa, the Great Lakes, and Indian Ocean coast. The clear sequence of movement masks methodological and historical factors. Language death, multilingualism, and the limits of vocabulary evidence restrain the classification's authority. `Transformations' from food collecting to food producing or from no metals to full engagement with metals were mutable, unfolded at different speeds, and involved interactions with firstcomers. In Central Africa, Bantu speakers were often the first farmers and metal-users in the region but elsewhere they were commonly neither. Their arrivals did not immediately displace firstcomers. Computational methods can accommodate many of these issues.},
  langid = {english},
  file = {C\:\\Users\\dirks\\OneDrive\\Literatur\\Grollemund et al_2023_Moving Histories\\Grollemund et al_2023_Moving Histories.pdf}
}

@article{Kiahtipes.2011,
  title = {Prehistory and the Present: {{Palaeoenvironments}} in the Northern {{Congo Basin}}},
  author = {Kiahtipes, Christopher A. and Lupo, Karen and Schmitt, David N. and Ndanga, Alfred Jean-Paul and Jones, John G. and Lee, Raymond},
  year = {2011},
  journal = {Before Faming},
  volume = {2},
  pages = {1--14},
  doi = {10.3828/bfarm.2011.2.4},
  langid = {english},
  keywords = {14C,Paläoklima/-ökologie,Pollenanalyse/Palynologie,Zentralafrikanische Republik},
  file = {C\:\\Users\\dirks\\OneDrive\\Literatur\\Kiahtipes et al_2011_Prehistory and the present\\Kiahtipes et al. - 2011 - Prehistory and the present Palaeoenvironments in .pdf}
}

@book{Kiahtipes.2016,
  title = {Late {{Holocene Paleoenvironments}} and {{Anthropogenic Impacts}} in the {{Ngotto Forest}}. {{PhD Dissertation}}},
  author = {Kiahtipes, Christopher A.},
  year = {2016},
  publisher = {{Washington State University}},
  address = {{Dallas}},
  langid = {english},
  file = {C\:\\Users\\dirks\\OneDrive\\Literatur\\Kiahtipes_2016_Late Holocene Paleoenvironments and Anthropogenic Impacts in the Ngotto Forest\\Kiahtipes - 2016 - Late Holocene Paleoenvironments and Anthropogenic .pdf}
}

@article{Koile.2022,
  title = {Phylogeographic Analysis of the {{Bantu}} Language Expansion Supports a Rainforest Route},
  author = {Koile, Ezequiel and Greenhill, Simon J. and Blasi, Dami{\'a}n E. and Bouckaert, Remco and Gray, Russell D.},
  year = {2022},
  month = aug,
  journal = {Proceedings of the National Academy of Sciences},
  volume = {119},
  number = {32},
  pages = {e2112853119},
  issn = {0027-8424, 1091-6490},
  doi = {10.1073/pnas.2112853119},
  abstract = {The Bantu expansion transformed the linguistic, economic, and cultural composition of sub-Saharan Africa. However, the exact dates and routes taken by the ancestors of the speakers of the more than 500 current Bantu languages remain uncertain. Here, we use the recently developed ``break-away'' geographical diffusion model, specially designed for modeling migrations, with ``augmented'' geographic information, to reconstruct the Bantu language family expansion. This Bayesian phylogeographic approach with augmented geographical data provides a powerful way of linking linguistic, archaeological, and genetic data to test hypotheses about large language family expansions. We compare four hypotheses: an early major split north of the rainforest; a migration through the Sangha River Interval corridor around 2,500 BP; a coastal migration around 4,000 BP; and a migration through the rainforest before the corridor opening, at 4,000 BP. Our results produce a topology and timeline for the Bantu language family, which supports the hypothesis of an expansion through Central African tropical forests at 4,420 BP (4,040 to 5,000 95\% highest posterior density interval), well before the Sangha River Interval was open.},
  langid = {english},
  keywords = {Bantu,Lesen,Linguistik,Migration,Regenwald},
  file = {C\:\\Users\\dirks\\OneDrive\\Literatur\\Koile et al_2022_Phylogeographic analysis of the Bantu language expansion supports a rainforest\\Koile et al. - 2022 - Phylogeographic analysis of the Bantu language exp.pdf}
}

@book{Kote.1992,
  title = {{Naissance et d\'eveloppement des \'economies de production en Afrique centrale: Formulation d'un mod\`ele arch\'eologique en terra incognita: Th\`ese pr\'esent\'ee en vue du grade de docteur de l'universit\'e de Parix X}},
  author = {Kot{\'e}, Lassina},
  year = {1992},
  publisher = {{Universit\'e de Paris X, Nanterre}},
  address = {{Paris}},
  langid = {french},
  keywords = {Batalimo-Maluba-Gruppe,Lesen,Wichtig,Zentralafrikanische Republik},
  file = {C\:\\Users\\dirks\\OneDrive\\Literatur\\Koté_1992_Naissance et développement des économies de production en Afrique centrale\\Koté - 1992 - Naissance et développement des économies de produc.jpg;C\:\\Users\\dirks\\OneDrive\\Literatur\\Koté_1992_Naissance et développement des économies de production en Afrique centrale\\Koté - 1992 - Naissance et développement des économies de produc.pdf;C\:\\Users\\dirks\\OneDrive\\Literatur\\Koté_1992_Naissance et développement des économies de production en Afrique centrale\\Koté - 1992 - Naissance et développement des économies de produc2.pdf}
}

@book{Kroeber.1944,
  title = {{Archaeology in Peru in 1942}},
  author = {Kroeber, Alfred Louis},
  year = {1944},
  series = {{Viking Fund Publications in Anthropology}},
  volume = {4},
  publisher = {{The Viking Fund}},
  address = {{New York}},
  langid = {ngerman},
  keywords = {Horizont},
  file = {C\:\\Users\\dirks\\OneDrive\\Literatur\\Kroeber_1944_Archaeology in Peru in 1942\\Kroeber - 1944 - Archaeology in Peru in 1942.pdf}
}

@misc{Leka.2008,
  title = {{Nouvelles recherches archeologiques en pays Tikar: Premiers resultats}},
  author = {Leka, Marie Juliette},
  year = {2008},
  address = {{Frankfurt am Main}},
  location = {Frankfurt am Main},
  langid = {french},
  keywords = {14C,Hiatus,Kamerun,MIA/Middle Iron Age},
  file = {C\:\\Users\\dirks\\OneDrive\\Literatur\\Leka_2008_Nouvelles recherches archeologiques en pays Tikar\\Leka - 2008 - Nouvelles recherches archeologiques en pays Tikar.pdf}
}

@book{Letouzey.1968,
  title = {{\'Etude phytog\'eographique du~Cameroun}},
  author = {Letouzey, Ren{\'e}},
  year = {1968},
  series = {{Encyclop\'edie Biologique}},
  volume = {69},
  publisher = {{\'Edition Paul Lechevalier}},
  address = {{Paris}},
  langid = {french},
  keywords = {Geographie,Kamerun},
  file = {C\:\\Users\\dirks\\OneDrive\\Literatur\\Letouzey_1968_Étude phytogéographique du Cameroun\\Letouzey - 1968 - Étude phytogéographique du Cameroun.pdf}
}

@incollection{LivingstoneSmith.2010b,
  title = {Modern Roulettes in Sub-{{Saharan Africa}}},
  booktitle = {African Pottery Roulettes Past and Present},
  author = {Livingstone Smith, Alexandre and Gosselain, Olivier P. and Mayor, Anne and Gu{\`e}ye, S.},
  editor = {Haour, Anne C. and Manning, Katie and Arazi, N. and Gosselain, Olivier P. and Gu{\`e}ye, S. and Keita, D. and Livingstone Smith, Alexandre and MacDonald, Kevin C. and Mayor, Anne and McIntosh, Susan Keech and Vernet, R.},
  year = {2010},
  pages = {35--108},
  publisher = {{Oxbow}},
  address = {{Oxford}},
  isbn = {978-1-84217-968-0},
  langid = {english},
  keywords = {rezent/subrezent,Roulettverzierung},
  file = {C\:\\Users\\dirks\\OneDrive\\Literatur\\Livingstone Smith et al_2010_Modern roulettes in sub-Saharan Africa\\Livingstone Smith et al. - 2010 - Modern roulettes in sub-Saharan Africa.pdf}
}

@article{LivingstoneSmith.2011,
  title = {{Prospections et Fouilles Arch\'eologiques de la Mission Boyekoli Ebale Congo 2010 (RDC)}},
  author = {Livingstone Smith, Alexandre and Cornelissen, Els and Hubau, Wannes and Ebosso, O.},
  year = {2011},
  journal = {Nyame Akuma},
  volume = {75},
  pages = {11--16},
  langid = {french},
  keywords = {Keramikdeponierungen,Kongo/Kinshasa,Vorbericht},
  file = {C\:\\Users\\dirks\\OneDrive\\Literatur\\Livingstone Smith et al_2011_Prospections et Fouilles Archéologiques de la Mission Boyekoli Ebale Congo 2010\\Livingstone Smith et al. - 2011 - Prospections et Fouilles Archéologiques de la Miss.pdf}
}

@article{LivingstoneSmith.2017,
  title = {Forests and Rivers: {{The}} Archaeology of the North Eastern {{Congo}}},
  author = {Livingstone Smith, Alexandre and Cornelissen, Els and {de Francquen}, Cecile and Nikis, Nicolas and Mees, Florias and Tshibamba Mukendi, John and Beeckman, Hans and Bourland, Nils and Hubau, Wannes},
  year = {2017},
  journal = {Quaternary International},
  volume = {448},
  pages = {95--116},
  doi = {10.1016/j.quaint.2016.10.010},
  langid = {english},
  keywords = {14C,Besiedlungsgeschichte,Keramik,Kongo/Kinshasa,Kongobecken},
  annotation = {\textbackslash url\{10.1016/j.quaint.2016.10.010\}},
  file = {C\:\\Users\\dirks\\OneDrive\\Literatur\\Livingstone Smith et al_2017_Forests and rivers\\Livingstone Smith et al. - 2017 - Forests and rivers The archaeology of the north e.pdf}
}

@article{Lupo.2015,
  title = {On {{Intensive Late Holocene Iron Mining}} and {{Production}} in the {{Northern Congo Basin}} and the {{Environmental Consequences Associated}} with {{Metallurgy}} in {{Central Africa}}},
  author = {Lupo, Karen D. and Schmitt, Dave N. and Kiahtipes, Christopher A. and Ndanga, Jean-Paul and Young, D. Craig and Simiti, Bernard and Silva, Lucas C.R.},
  year = {2015},
  journal = {PLoS ONE},
  volume = {10},
  number = {7},
  pages = {e0132632},
  doi = {10.1371/journal.pone.0132632},
  langid = {english},
  keywords = {Klimaentwicklung,Metallurgie/Eisen-,Umweltarchäologie,Zentralafrikanische Republik},
  file = {C\:\\Users\\dirks\\OneDrive\\Literatur\\Lupo et al_2015_On Intensive Late Holocene Iron Mining and Production in the Northern Congo\\Lupo et al. - 2015 - On Intensive Late Holocene Iron Mining and Product.pdf}
}

@article{Lupo.2021,
  title = {Hunter-Gatherers on the Basin's Edge: A Preliminary Look at {{Holocene}} Human Occupation of {{Nangara-Komba Shelter}}, {{Central African Republic}}},
  shorttitle = {Hunter-Gatherers on the Basin's Edge},
  author = {Lupo, Karen D. and Schmitt, Dave N. and Ndanga, Jean-Paul and Nguerede, Lucien P. and Amaye, Guy T. and Smith, Alexandre Livingstone and Edwards, Nicolette M. and Power, Robert C. and Craig Young, D. and Npo, Frank},
  year = {2021},
  month = jan,
  journal = {Azania: Archaeological Research in Africa},
  volume = {56},
  number = {1},
  pages = {4--33},
  issn = {0067-270X, 1945-5534},
  doi = {10.1080/0067270X.2020.1865636},
  abstract = {Limited excavations at Nangara-Komba Shelter along the northern margin of the Congo Basin have recovered evidence for intermittent and at times intensive human visits beginning approximately 5100 cal. BC. Numerous rock art panels adorn the shelter's walls and ceramics appear to have initially been brought to the site between 1050 and 900 cal. BC, if not earlier. Charred Canarium schweinfurthii endocarp fragments were collected in all stratigraphic aggregates and reflect the use of canarium for food, fuel and/or medicinal purposes during the middle and late Holocene. Abundant quartz and quartzite artefacts occur throughout the deposits and mark a continuous and stable microlithic tradition. The site was used only by foraging groups who ultimately interacted with Bantu and later Ubangian farmers and possibly smelters. Nangara-Komba represents a sheltered context where the use of lithic tools appears to have persisted well into the late Holocene and is the only known site in the Central African Republic and Sangha River Interval with episodic occupations spanning the past 7000 years.},
  langid = {english},
  keywords = {14C-Daten -> aDRAC,Lesen},
  file = {C\:\\Users\\dirks\\OneDrive\\Literatur\\Lupo et al_2021_Hunter-gatherers on the basin’s edge\\Lupo et al. - 2021 - Hunter-gatherers on the basin’s edge a preliminar.pdf}
}

@article{Maley.2017,
  title = {Late {{Holocene}} Forest Contraction and Fragmentation in Central {{Africa}}},
  author = {Maley, Jean and Doumenge, Charles and Giresse, Pierre and Mah{\'e}, Gil and Philippon, Nathalie and Hubau, Wannes and Lokonda, Michel O. and Tshibamba, John M. and {Chepstow-Lusty}, Alex},
  year = {2017},
  journal = {Quaternary Research},
  volume = {89},
  number = {1},
  pages = {43--59},
  issn = {0033-5894, 1096-0287},
  doi = {10.1017/qua.2017.97},
  abstract = {During the warmer Holocene Period, two major climatic crises affected the Central African rainforests. The first crisis, around 4000 cal yr BP, caused the contraction of the forest in favor of savanna expansion at its northern and southern periphery. The second crisis, around 2500 cal yr BP, resulted in major perturbation at the forest core, leading to forest disturbance and fragmentation with a rapid expansion of pioneer-type vegetation, and a marked erosional phase. The major driver of these two climatic crises appears to be rapid sea-surface temperature variations in the equatorial eastern Atlantic, which modified the regional atmospheric circulation. The change between ca. 2500 to 2000 cal yr BP led to a large increase in thunderstorm activity, which explains the phase of forest fragmentation. Ultimately, climatic data obtained recently show that the present-day major rise in thunderstorms and lightning activity in Central Africa could result from some kind of solar influence, and hence the phase of forest fragmentation between ca. 2500 to 2000 cal yr BP may provide a model for the present-day global warming-related environmental changes in this region.},
  langid = {english},
  keywords = {Afrika/Zentral-,Lesen,Regenwald,ToDo,Wichtig},
  file = {C\:\\Users\\dirks\\OneDrive\\Literatur\\Maley et al_2017_Late Holocene forest\\Maley et al. - 2017 - Late Holocene forest contraction and fragmentation.pdf}
}

@phdthesis{Morin-Rivat.2017a,
  title = {Of Trees and Men: New Insights into Man-Environment Relationships in the Moist Forests of Central {{Africa}} during the Late {{Holocene}}},
  author = {{Morin-Rivat}, Julie},
  year = {2017},
  address = {{Li\`ege}},
  langid = {english},
  school = {Universit\'e de Li\`ege \& Gembloux Agro-Bio Tech},
  keywords = {Afrika/Zentral-,Botanik,Lesen,SRI/Sangha River Interval,Wichtig},
  file = {C\:\\Users\\dirks\\OneDrive\\Literatur\\Morin-Rivat_2017_Of trees and men\\Morin-Rivat - 2017 - Of trees and men new insights into man-environmen.pdf}
}

@article{MorinRivat.2014,
  title = {New {{Evidence}} of {{Human Activities}} during the {{Holocene}} in the {{Lowland Forests}} of the {{Northern Congo Basin}}},
  author = {{Morin-Rivat}, Julie and Fayolle, Adeline and Gillet, Jean Fran{\c c}ois and Bourland, Nils and {Gourlet-Fleury}, Sylvie and Oslisly, Richard and Bremond, Laurent and Bentaleb, Ilham and Beeckman, Hans and Doucet, Jean-Louis},
  year = {2014},
  journal = {Radiocarbon},
  volume = {56},
  number = {1},
  pages = {209--220},
  langid = {english},
  keywords = {14C,Besiedlungsgeschichte,Botanik,Kamerun,Kongo/Brazzaville,Umweltarchäologie},
  file = {C\:\\Users\\dirks\\OneDrive\\Literatur\\Morin-Rivat et al_2014_New Evidence of Human Activities during the Holocene in the Lowland Forests of\\Morin-Rivat et al. - 2014 - New Evidence of Human Activities during the Holoce.pdf}
}

@book{MpikaNgoma.1996,
  title = {{Recherche compar\'ee des c\'eramiques traditionelles du Congo, des origines \`a nos jours: Ethnoarch\'eologie:~art tradionnel Bantu}},
  author = {{Mpika-Ngoma}, L{\'e}opold},
  year = {1996},
  publisher = {{Editions Action Culturelle}},
  address = {{Brazzaville}},
  langid = {french},
  keywords = {Ethnologie,Keramik,Likwala-Gebiet},
  file = {C\:\\Users\\dirks\\OneDrive\\Literatur\\Mpika-Ngoma_1996_Recherche comparée des céramique traditionelles du Congo, des origines à nos\\Mpika-Ngoma - 1996 - Recherche comparée des céramique traditionelles du.pdf}
}

@misc{Ndanga.2010,
  title = {{Quel lien entre les ateliers de taille de Ngo Tchororo et la c\'eramique de Batalimo (RCA)? / Stone knappers at Ngo Tchororo and pottery makers at Batalimo~(CRA), did they meet?}},
  author = {Ndanga, Alfred Jean-Paul and Cornelissen, Els and Lanfranchi, Raymond},
  year = {2010},
  address = {{Dakar}},
  location = {Dakar},
  institutions = {13ème Congrès de la PANAF - 20ème Réunion de la SAFA /13th Congress of the PAA - 20th Meeting of the Safa, 1-7 Nov. 2010},
  langid = {french},
  keywords = {Batalimo-Maluba-Gruppe,Beil/Stein/poliert,Lobaye,Ubangi-Region},
  file = {C\:\\Users\\dirks\\OneDrive\\Literatur\\Ndanga et al_2010_Quel lien entre les ateliers de taille de Ngo Tchororo et la céramique de\\Ndanga et al. - 2010 - Quel lien entre les ateliers de taille de Ngo Tcho.pdf}
}

@article{Neumann.2022,
  title = {Iron {{Age}} Plant Subsistence in the {{Inner Congo Basin}} ({{DR Congo}})},
  author = {Neumann, Katharina and Eichhorn, Barbara and Wotzka, Hans-Peter},
  year = {2022},
  month = jan,
  journal = {Vegetation History and Archaeobotany},
  issn = {0939-6314, 1617-6278},
  doi = {10.1007/s00334-021-00865-8},
  abstract = {Around 400 bc, pottery- and iron-producing populations immigrated into the Inner Congo Basin (ICB) and subsequently spread upstream some major tributaries of the Congo River. Until recently, their subsistence was almost completely unknown. We present an archaeobotanical study of three sites in the ICB covering parts of the Early Iron Age (ca. 400 bc-ad 650) and of the Late Iron Age (LIA) as well as subrecent times (ca. ad 1300\textendash 2000). We studied 82 flotated samples of botanical macroremains, and 68 soil phytolith samples, recovered from the terra firme sites Iyonda and Mbandaka, and the floodplain fishing camp site of Bolondo. The EIA assemblage from Iyonda yielded domesticated Cenchrus americanus (pearl millet), Vigna unguiculata (cowpea), Canarium schweinfurthii, Elaeis guineensis (oil palm), several wild plants, and parenchyma fragments tentatively attributed to Dioscorea sp. (yams). The exploitation of these plants originated in the savannas and forest-savanna ecotones of West Africa. The presence of C. americanus in LIA contexts at Bolondo and Mbandaka, dated to ca. ad 1350\textendash 1550, indicates that its cultivation is not dependent on a seasonal climate with a distinct dry season, contrary to previous views. The role of C. americanus as a staple is difficult to assess; it might have been used for special purposes, e.g. beer brewing. In spite of extensive screening, we did not detect any banana phytoliths in the EIA samples. Musa phytoliths were only present in LIA contexts after ca. ad 1400, leaving room for the possibility that the introduction and spread of Musa spp. AAB `Plantain' in the ICB was a late phenomenon.},
  langid = {english},
  keywords = {14C-Daten -> aDRAC,Botanik,Kongo/Kinshasa,Lesen,Wichtig},
  file = {C\:\\Users\\dirks\\OneDrive\\Literatur\\Neumann et al_2022_Iron Age plant subsistence in the Inner Congo Basin (DR Congo)\\Neumann et al. - 2022 - Iron Age plant subsistence in the Inner Congo Basi.pdf}
}

@article{Oslisly.1998,
  title = {{Hommes et milieux \`a l'Holocene dans la moyenne vall\'ee de l'Ogoou\'e (Gabon)}},
  author = {Oslisly, Richard},
  year = {1998},
  journal = {Bulletin de la Soci\'et\'e Pr\'ehistorique Fran\c{c}aise},
  volume = {95},
  number = {1},
  pages = {93--105},
  langid = {french},
  keywords = {Gabun,Hiatus,Keramik,MIA/Middle Iron Age},
  file = {C\:\\Users\\dirks\\OneDrive\\Literatur\\Oslisly_1998_Hommes et milieux à l'Holocene dans la moyenne vallée de l'Ogooué (Gabon)\\Oslisly - 1998 - Hommes et milieux à l'Holocene dans la moyenne val.pdf}
}

@article{Oslisly.2001b,
  title = {{Chronologie des ages du fer dans la moyenne vall\'ee de l'Ogooue au Gabon}},
  author = {Oslisly, Richard},
  year = {2001},
  journal = {Mediterranean Archaeology},
  volume = {14},
  pages = {263--268},
  langid = {french},
  file = {C\:\\Users\\dirks\\OneDrive\\Literatur\\Oslisly_2001_Chronologie des ages du fer dans la moyenne vallee de l'Ogooue au Gabon\\Oslisly - 2001 - Chronologie des ages du fer dans la moyenne vallee.pdf}
}

@incollection{Oslisly.2001d,
  title = {The {{History}} of {{Human Settlement}} in the {{Middle Ogoou\'e Valley}} ({{Gabon}}): {{Implications}} for the {{Environment}}},
  booktitle = {African Rain Forest Ecology and Conservation},
  author = {Oslisly, Richard},
  editor = {Weber, William and White, Lee J. T. and Vedder, Amy and {Naughton-Treves}, Lisa},
  year = {2001},
  pages = {101--118},
  publisher = {{Yale University Press}},
  address = {{New Haven}},
  isbn = {0-300-08433-1},
  langid = {english},
  file = {C\:\\Users\\dirks\\OneDrive\\Literatur\\Oslisly_2001_The History of Human Settlement in the Middle Ogooué Valley (Gabon)\\Oslisly - 2001 - The History of Human Settlement in the Middle Ogoo.pdf}
}

@article{Oslisly.2013b,
  title = {West {{Central African Peoples}}: {{Survey}} of {{Radiocarbon Dates}} over the {{Past}} 5000 {{Years}}},
  author = {Oslisly, Richard and Bentaleb, Ilham and Favier, Charly and Fontugne, Michel and Gillet, Jean Fran{\c c}ois and {Morin-Rivat}, Julie},
  year = {2013},
  journal = {Radiocarbon},
  volume = {55},
  number = {2--3},
  abstract = {Tracing human history in west central Africa suffers from a scarcity of historical data and archaeological remains. In order to provide new insight into this problem, we reviewed 733 radiocarbon dates of archaeological sites from the end of the Late Stone Age, Neolithic Stage, and Early and Late Iron Age in Cameroon, Gabon, Central African Republic, Equatorial Guinea, Republic of Congo, and the western Democratic Republic of Congo. This review provides a spatiotemporal framework of human settlement in the forest biome. Beyond the well-known initial spread of Iron Age populations through central African forests from 2500 cal BP, it depicts the geographical patterns and links with the cultural evolution of the successive phases of human expansion from 5000 to 3000 cal BP and then from 3000 to 1600 cal BP, of the hinterland depopulation from 1350 to 860 cal BP, and of recolonization up to 500 cal BP. DOI:\textasciitilde{} 10.2458/azu\_js\_rc.55.16385},
  langid = {english},
  keywords = {14C,Afrika/Zentral-,Besiedlungsgeschichte,MIA/Middle Iron Age},
  file = {C\:\\Users\\dirks\\OneDrive\\Literatur\\Oslisly et al_2013_West Central African Peoples\\Oslisly et al. - 2013 - West Central African Peoples Survey of Radiocarbo.csv;C\:\\Users\\dirks\\OneDrive\\Literatur\\Oslisly et al_2013_West Central African Peoples\\Oslisly et al. - 2013 - West Central African Peoples Survey of Radiocarbo.pdf;C\:\\Users\\dirks\\OneDrive\\Literatur\\Oslisly et al_2013_West Central African Peoples\\Oslisly et al. - 2013 - West Central African Peoples Survey of Radiocarbo.xlsx;C\:\\Users\\dirks\\OneDrive\\Literatur\\Oslisly et al_2013_West Central African Peoples\\Oslisly et al. - 2013 - West Central African Peoples Survey of Radiocarbo2.pdf;C\:\\Users\\dirks\\OneDrive\\Literatur\\Oslisly et al_2013_West Central African Peoples\\Oslisly et al. - 2013 - West Central African Peoples Survey of Radiocarbo2.xlsx}
}

@article{Pakendorf.2011,
  title = {Molecular {{Perspectives}} on the {{Bantu Expansion}}: {{A Synthesis}}},
  author = {Pakendorf, Brigitte and Bostoen, Koen and {de Filippo}, Cesare},
  year = {2011},
  journal = {Language Dynamics and Change},
  volume = {1},
  pages = {50--88},
  abstract = {The expansion of Bantu-speaking peoples over large parts of sub-Saharan Africa is still a matter of debate---not only with respect to the propelling force behind it and the route(s) taken, but, also, in terms of the question whether there actually was a demographic expansion of peoples, rather than just a cultural expansion involving the spread of languages and technologies. In this paper, we provide a critical review of the extant linguistic and molecular anthropological data on Africa and discuss the insights they provide concerning the expansion itself as well as the demographic processes involved in it. Contrary to some assumptions by historians and cultural anthropologists, the genetic data speak in favor of an actual movement of peoples during the expansion of the Bantu languages over Africa, rather than a spread through language and culture shift. Furthermore, the molecular data indicate that sociocultural practices such as patrilocalityand possiblyeven polygynyplayed a role in shaping the genetic diversity of Bantu-speaking peoples. These sociocultural practices might explain why, in Africa, there is a correlation between Y-chromosomal (i.e., paternal) lineages and linguistic affiliation, but not betweenmtDNA (maternal) lineages and language.},
  langid = {english},
  keywords = {Bantu,Genetik/DNA-Untersuchung,Linguistik},
  file = {C\:\\Users\\dirks\\OneDrive\\Literatur\\Pakendorf et al_2011_Molecular Perspectives on the Bantu Expansion\\Pakendorf et al. - 2011 - Molecular Perspectives on the Bantu Expansion A S.pdf}
}

@article{Peel.2007,
  title = {Updated {{World Map}} of the {{K\"oppen-Geiger Climate Classification}}},
  author = {Peel, Murray C. and Finlayson, Brian L. and McMahon, Thomas A.},
  year = {2007},
  journal = {Hydrol Earth Systm Sci. Discuss},
  volume = {4},
  pages = {439--473},
  langid = {english},
  file = {C\:\\Users\\dirks\\OneDrive\\Literatur\\Peel et al_2007_Updated World Map of the Köppen-Geiger Climate Classification\\Peel et al. - 2007 - Updated World Map of the Köppen-Geiger Climate Cla.pdf}
}

@misc{Persits.1997,
  title = {Maps Showing Geology, Oil and Gas Fields and Geological Provinces of {{Africa Open-File Report}} 97-470- {{A}}},
  author = {Persits, F. and Ahlbrandt, Thomas and Tuttle, Michele and Charpentier, Ronald and Brownfield, Michael E. and Takahashi, Kenneth},
  year = {1997},
  series = {Open-{{File Report}}},
  publisher = {{USGS}},
  doi = {10.3133/ofr97470A},
  langid = {english},
  keywords = {Afrika,Geologie},
  file = {C\:\\Users\\dirks\\OneDrive\\Literatur\\Persits et al_1997_Maps showing geology, oil and gas fields and geological provinces of Africa\\Persits et al. - 1997 - Maps showing geology, oil and gas fields and geolo.zip}
}

@article{Philippon.2019,
  ids = {Philippon.2019a},
  title = {The Light-Deficient Climates of Western {{Central African}} Evergreen Forests},
  author = {Philippon, Nathalie and Cornu, Guillaume and Monteil, Lou and Gond, Valery and Moron, Vincent and Pergaud, Julien and S{\`e}ze, Genevi{\`e}ve and Bigot, Sylvain and Camberlin, Pierre and Doumenge, Charles and Fayolle, Adeline and Ngomanda, Alfred},
  year = {2019},
  month = mar,
  journal = {Environmental Research Letters},
  volume = {14},
  number = {3},
  pages = {034007},
  issn = {1748-9326},
  doi = {10.1088/1748-9326/aaf5d8},
  abstract = {Rainfall thresholds under which forests grow in Central Africa are lower than those of Amazonia and southeast Asia. Attention is thus regularly paid to rainfall whose seasonality and interannual variability has been shown to control Central African forests' water balance and photosynthetic activity. Nonetheless, light availability is also recognized as a key factor to tropical forests. Therefore this study aims to explore the light conditions prevailing across Central Africa, and their potential impact on forests' traits. Using satellite estimates of hourly irradiance, we find first that the four main types of diurnal cycles of irradiance extracted translate into different levels of rainfall, evapotranspiration, direct and diffuse light. Then accounting for scale interactions between the diurnal and annual cycles, we show that the daily quantity and quality of light considerably vary across Central African forests during the annual cycle: the uniqueness of western Central Africa and Gabon in particular, with strongly lightdeficient climates especially during the main dry season, points out. Lastly, using an original map of terra firme forests, we also show that most of the evergreen forests are located in western Central Africa and Gabon. We postulate that despite mean annual precipitation below 2000 mm yr-1, the lightdeficient climates of western Central Africa can harbour evergreen forests because of an extensive lowlevel cloudiness developing during the June\textendash September main dry season, which strongly reduces the water demand and enhances the quality of light available for tree photosynthesis. These findings pave the way for further analyses of the past and future changes in the light-deficient climates of western Central Africa and the vulnerability of evergreen forests to these changes.},
  langid = {english},
  keywords = {Afrika/Zentral-,Botanik,Regenwald,Wichtig},
  file = {C\:\\Users\\dirks\\OneDrive\\Literatur\\Philippon et al_2019_The light-deficient climates of western Central African evergreen forests\\Philippon et al. - 2019 - The light-deficient climates of western Central Af.pdf;C\:\\Users\\dirks\\OneDrive\\Literatur\\Philippon et al_2019_The\\Philippon et al. - 2019 - The light-deficient climates of western Central Af.pdf}
}

@article{Rouse.1957,
  title = {Culture {{Area}} and {{Co-Tradition}}},
  author = {Rouse, Irving},
  year = {1957},
  journal = {Southwestern Journal of Anthropology},
  volume = {13},
  number = {2},
  pages = {123--133},
  langid = {english},
  keywords = {Tradition},
  file = {C\:\\Users\\dirks\\OneDrive\\Literatur\\Rouse_1957_Culture Area and Co-Tradition\\Rouse - 1957 - Culture Area and Co-Tradition.pdf}
}

@book{Runge.2001,
  title = {{Landschaftsgenese und Pal\"aoklima in Zentralafrika: Physiogeographische Untersuchungen zur Landschaftsentwicklung und klimagesteuerten quart\"aren Vegetations- und Geomorphodynamik in Kongo/Zaire (Kivu, Kasai, Oberkongo) und der Zentralafrikanischen Republik (Mbomou)}},
  author = {Runge, J{\"u}rgen},
  year = {2001},
  publisher = {{Borntraeger}},
  address = {{Berlin}},
  isbn = {3-443-09017-6},
  langid = {ngerman},
  keywords = {Afrika/Zentral-,Geographie,Klimaentwicklung},
  file = {C\:\\Users\\dirks\\OneDrive\\Literatur\\Runge_2001_Landschaftsgenese und Paläoklima in Zentralafrika\\Runge - 2001 - Landschaftsgenese und Paläoklima in Zentralafrika.pdf}
}

@article{Russell.2014,
  title = {Modelling the {{Spread}} of {{Farming}} in the {{Bantu-Speaking Regions}} of {{Africa}}: {{An Archaeology-Based Phylogeography}}},
  author = {Russell, Thembi and Silva, Fabio and Steele, James},
  year = {2014},
  journal = {PLoS ONE},
  volume = {9},
  number = {1},
  pages = {1--9},
  doi = {10.1371/journal.pone.0087854},
  langid = {english},
  keywords = {14C,Afrika,Bantu,Besiedlungsgeschichte,Modellierung/Simulation},
  file = {C\:\\Users\\dirks\\OneDrive\\Literatur\\Russell et al_2014_Modelling the Spread of Farming in the Bantu-Speaking Regions of Africa\\Russell et al. - 2014 - Modelling the Spread of Farming in the Bantu-Speak.pdf}
}

@book{SanchezElipe.2015,
  title = {{Las comunidades de la edad del hierro en \'Africa Centro-Occidental: Cultura Material e Identidad: Tesis Doctoral}},
  author = {{S{\'a}nchez-Elipe}, Manuel},
  year = {2015},
  publisher = {{Universidad complutense de Madrid}},
  address = {{Madrid}},
  langid = {spanish},
  keywords = {Äquatorialguinea,Bestattungssitten/Gräber},
  file = {C\:\\Users\\dirks\\OneDrive\\Literatur\\Sánchez-Elipe_2015_Las comunidades de la edad del hierro en África Centro-Occidental\\Sánchez-Elipe - 2015 - Las comunidades de la edad del hierro en África Ce.pdf}
}

@article{SanchezElipe.2016,
  title = {The {{Iron Age}} in {{West Central Africa}}: {{Radiocarbon Dates}} from {{Corisco Island}} ({{Equatorial Guinea}})},
  author = {{S{\'a}nchez-Elipe}, Manuel and {Gonz{\'a}lez-Ruibal}, Alfredo and Jord{\'a} Pardo, Jes{\'u}s F. and Mar{\'i}n Su{\'a}rez, Carlos},
  year = {2016},
  journal = {The Journal of African History},
  volume = {57},
  number = {03},
  pages = {345--365},
  issn = {0021-8537},
  doi = {10.1017/S002185371600027X},
  langid = {english},
  keywords = {14C,Äquatorialguinea,EIA/Early Iron Age/Frühe Eisenzeit,Gabun,LIA/Late Iron Age},
  file = {C\:\\Users\\dirks\\OneDrive\\Literatur\\Sánchez-Elipe et al_2016_The Iron Age in West Central Africa\\Sánchez-Elipe et al. - 2016 - The Iron Age in West Central Africa Radiocarbon D.pdf}
}

@article{Saulieu.2017,
  title = {{Deux mille cinq cents ans de traditions c\'eramiques \`a Dibamba Yassa (Cameroun)}},
  author = {{de Saulieu}, Geoffroy and Oslisly, Richard and Nlend Nlend, Pascal and Ngouoh, Fran{\c c}ois},
  year = {2017},
  journal = {Afrique: Arch\'eologie \& Arts},
  volume = {13},
  pages = {23--40},
  doi = {10.4000/aaa.979},
  langid = {french},
  keywords = {14C,Eisenzeit,Hiatus,Kamerun,Lesen,MIA/Middle Iron Age,Roulettverzierung,Wichtig},
  file = {C\:\\Users\\dirks\\OneDrive\\Literatur\\de Saulieu et al_2017_Deux mille cinq cents ans de traditions céramiques à Dibamba Yassa (Cameroun)\\de Saulieu et al. - 2017 - Deux mille cinq cents ans de traditions céramiques.pdf}
}

@incollection{Seidensticker.2016b,
  title = {Archaeology and {{History}} in {{Iron Age Settlements}} in the {{Congo Basin}}},
  booktitle = {African {{Archaeology Without Frontiers}}},
  author = {Seidensticker, Dirk},
  editor = {Sadr, Karim and Esterhuysen, Amanda and Sievers, Christine},
  year = {2016},
  pages = {114--126},
  publisher = {{Wits University Press}},
  address = {{Johannesburg}},
  copyright = {All rights reserved},
  isbn = {978-1-77614-149-4},
  langid = {english},
  file = {C\:\\Users\\dirks\\OneDrive\\Literatur\\Seidensticker_2016_Archaeology and History in Iron Age Settlements in the Congo Basin\\Seidensticker - 2016 - Archaeology and History in Iron Age Settlements in.pdf}
}

@misc{Seidensticker.2020,
  type = {Poster},
  title = {Approaching {{Trans-Generational Training Networks}} in {{Central Africa}}: {{Using Ceramic Petrography}} to {{Retrace Provenance}} and {{Technology}} throughout {{Two Millennia}}},
  shorttitle = {Approaching {{Trans-Generational Training Networks}} in {{Central Africa}}},
  author = {Seidensticker, Dirk},
  year = {2020},
  month = nov,
  publisher = {{Zenodo}},
  abstract = {Potters' traditions within the Congo Basin Rainforest are still vibrant today and the result of a supposedly more than two millennia-long transfer of knowledge. While for the past decades' pottery finds were used to establish sequences of stylistically interrelated pottery groups and to derive regional chrono-historical frameworks, the way these communities of practice transmitted their approaches and expertise throughout generations is still unknown. The first study focusing on petrographic characterizations of ceramics from the north-western parts of the Congo Basin showed distinct phases of similar clay procurement and processing. Of special interest is the site of Pikunda (PIK). In the late 1980s, multiple archaeological features were excavated and ethnographic observations on potters' production showed a particular {$<$}em{$>$}cha\^ine op\'eratoire{$<$}/em{$>$}, comprised of coiling, internal scraping, and external beating. Clay procurement and preparation were not recorded though.},
  copyright = {Creative Commons Attribution 4.0 International, Open Access},
  langid = {english},
  keywords = {Petrographie},
  file = {C\:\\Users\\dirks\\OneDrive\\Literatur\\Seidensticker_2020_Approaching Trans-Generational Training Networks in Central Africa\\Seidensticker - 2020 - Approaching Trans-Generational Training Networks i.pdf}
}

@article{Seidensticker.2021,
  title = {Population {{Collapse}} in {{Congo Rainforest}} from {{AD}} 400 {{Urges Reassessment}} of the {{Bantu Expansion}}},
  author = {Seidensticker, Dirk and Hubau, Wannes and Verschuren, Dirk and {Fortes-Lima}, Cesar and {de Maret}, Pierre and Schlebusch, Carina M. and Bostoen, Koen},
  year = {2021},
  month = feb,
  journal = {Science Advances},
  volume = {7},
  number = {7},
  doi = {10.1126/sciadv.abd8352},
  copyright = {All rights reserved},
  langid = {english},
  file = {C\:\\Users\\dirks\\OneDrive\\Literatur\\Seidensticker et al_2021_Population Collapse in Congo Rainforest from AD 400 Urges Reassessment of the\\Seidensticker et al. - 2021 - Population Collapse in Congo Rainforest from AD 40.pdf}
}

@book{Seidensticker.2021e,
  title = {{Arch\"aologische Untersuchungen zur eisenzeitlichen Besiedlungsgeschichte des nordwestlichen Kongobeckens}},
  author = {Seidensticker, Dirk},
  year = {2021},
  month = sep,
  publisher = {{T\"ubingen University Press}},
  address = {{T\"ubingen}},
  copyright = {All rights reserved},
  isbn = {978-3-947251-48-3},
  langid = {ngerman},
  annotation = {DOI 10.15496/publikation-59846},
  file = {C\:\\Users\\dirks\\OneDrive\\Literatur\\Seidensticker_2021_Archäologische Untersuchungen zur eisenzeitlichen Besiedlungsgeschichte des\\Seidensticker - 2021 - Archäologische Untersuchungen zur eisenzeitlichen .pdf}
}

@misc{Seidensticker.2021f,
  title = {{{aDRAC}} ({{Archive}} Des Datations Radiocarbones d'{{Afrique}} Centrale)},
  shorttitle = {Dirkseidensticker/{{aDRAC}}},
  author = {Seidensticker, Dirk and Hubau, Wannes},
  year = {2021},
  month = feb,
  doi = {10.5281/ZENODO.4530717},
  copyright = {Open Access},
  howpublished = {Zenodo}
}

@article{vanNoten.1978,
  title = {{Une prospection au nord et nord-est du~Zaire}},
  author = {{van Noten}, Francis L.},
  year = {1977},
  journal = {Etudes d'Histoire africaine},
  volume = {9--10},
  pages = {75--77},
  langid = {french},
  keywords = {Kongo/Kinshasa,Motenge-Boma,Ubangi-Region},
  file = {C\:\\Users\\dirks\\OneDrive\\Literatur\\van Noten_1977_Une prospection au nord et nord-est du Zaire\\van Noten - 1977 - Une prospection au nord et nord-est du Zaire.pdf}
}

@book{vanNoten.1982,
  title = {The {{Archaeology}} of {{Central Africa}}},
  editor = {{van Noten}, Francis L.},
  year = {1982},
  publisher = {{Akademische Druck- u. Verlagsanstalt}},
  address = {{Graz}},
  isbn = {3-201-01184-3},
  langid = {english},
  keywords = {Metallurgie/Eisen-,Ofen/Aufbau},
  file = {C\:\\Users\\dirks\\OneDrive\\Literatur\\van Noten_1982_The Archaeology of Central Africa\\van Noten - 1982 - The Archaeology of Central Africa.pdf;C\:\\Users\\dirks\\OneDrive\\Literatur\\van Noten_1982_The Archaeology of Central Africa\\van Noten - 1982 - The Archaeology of Central Africa2.pdf}
}

@incollection{vanNoten.1982a,
  title = {The {{Iron Age}} in the {{North}} and {{East}}},
  booktitle = {The {{Archaeology}} of {{Central Africa}}},
  author = {{van Noten}, Francis L.},
  editor = {{van Noten}, Francis L.},
  year = {1982},
  pages = {69--76},
  publisher = {{Akademische Druck- u. Verlagsanstalt}},
  address = {{Graz}},
  isbn = {3-201-01184-3},
  langid = {english}
}

@book{White.1983,
  title = {The Vegetation of {{Africa}}. {{A}} Descriptive Memoir to Accompany the {{Unesco}} / {{AETFAT}}/ {{UNSO}} Vegetation Map of {{Africa}}},
  author = {White, Frank},
  year = {1983},
  month = dec,
  publisher = {{Zenodo}},
  abstract = {uploaded by Plazi. including errata {$<$}br{$>$} file types available:{$<$}br{$>$} \_a scan, gray scale, 400dpi{$<$}br{$>$} \_OCR raw OCR{$<$}br{$>$} \_OCRr raw OCR, reduced file size},
  copyright = {Open Access},
  langid = {english},
  keywords = {Afrika,Vegetation},
  file = {C\:\\Users\\dirks\\OneDrive\\Literatur\\White_1983_The Vegetation Of Africa\\White - 1983 - The Vegetation Of Africa. A Descriptive Memoir To .pdf;C\:\\Users\\dirks\\OneDrive\\Literatur\\White_1983_The Vegetation Of Africa\\White - 1983 - The Vegetation Of Africa. A Descriptive Memoir To 2.pdf}
}

@article{Willey.1945,
  title = {Horizon {{Styles}} and {{Pottery Traditions}} in~{{Peruvian Archaeology}}},
  author = {Willey, Gordon R.},
  year = {1945},
  journal = {American Antiquity},
  volume = {11},
  number = {1},
  pages = {49--56},
  langid = {english},
  keywords = {Horizont},
  file = {C\:\\Users\\dirks\\OneDrive\\Literatur\\Willey_1945_Horizon Styles and Pottery Traditions in Peruvian Archaeology\\Willey - 1945 - Horizon Styles and Pottery Traditions in Peruvian .pdf}
}

@article{Wotzka.1993,
  title = {{Zur Tradition der Keramikdeponierungen im \"aquatorialen Regenwald Za\"ires: Ein Bekenntnis zur allgemein-vergleichenden Analogie}},
  author = {Wotzka, Hans-Peter},
  year = {1993},
  journal = {Ethnographisch Arch\"aologische Zeitschrift},
  volume = {34},
  pages = {251--283},
  langid = {ngerman},
  keywords = {Ethnoarchäologie,Ethnologie,Gruben/Nutzung und Funktion,Kongo/Kinshasa,Kongobecken},
  file = {C\:\\Users\\dirks\\OneDrive\\Literatur\\Wotzka_1993_Zur Tradition der Keramikdeponierungen im äquatorialen Regenwald Zaïres\\Wotzka - 1993 - Zur Tradition der Keramikdeponierungen im äquatori.pdf}
}

@book{Wotzka.1995,
  title = {{Studien zur Arch\"aologie des zentralafrikanischen Regenwaldes: Die Keramik des inneren Za\"ire-Beckens und ihre Stellung im Kontext der Bantu-Expansion}},
  author = {Wotzka, Hans-Peter},
  year = {1995},
  series = {{Africa Praehistorica}},
  publisher = {{Heinrich-Barth-Institut}},
  address = {{K\"oln}},
  isbn = {3-927688-07-X},
  langid = {ngerman},
  keywords = {Kongo/Kinshasa},
  file = {C\:\\Users\\dirks\\OneDrive\\Literatur\\Wotzka_1995_Studien zur Archäologie des zentralafrikanischen Regenwaldes\\Wotzka - 1995 - Studien zur Archäologie des zentralafrikanischen R.jpg;C\:\\Users\\dirks\\OneDrive\\Literatur\\Wotzka_1995_Studien zur Archäologie des zentralafrikanischen Regenwaldes\\Wotzka - 1995 - Studien zur Archäologie des zentralafrikanischen R.pdf}
}
